@TECHREPORT{kennedy1993typedfusion,
    author      = {Ken Kennedy and Kathryn S. Mckinley},
    title       = {Typed fusion with applications to parallel and sequential code generation},
    institution = {Rice University},
    year        = {1993}
}


@article{kennedy2001fastgreedy,
  author    = {Ken Kennedy},
  title     = {Fast Greedy Weighted Fusion},
  journal   = {International Journal of Parallel Programming},
  volume    = {29},
  number    = {5},
  year      = {2001}
}

@inproceedings{megiddo1998optimal,
  author    = {Nimrod Megiddo and
               Vivek Sarkar},
  title     = {Optimal Weighted Loop Fusion for Parallel Programs},
  booktitle = {SPAA: Symposium on Parallel Algorithms and Architectures},
  year      = {1997}
}


@inproceedings{robinson2014fusing,
  title={Fusing filters with integer linear programming},
  author={Robinson, Amos and Lippmeier, Ben and Keller, Gabriele},
  booktitle={Proceedings of the 3rd ACM SIGPLAN workshop on Functional high-performance computing},
  pages={53--62},
  year={2014},
  organization={ACM}
}
