% A ------------------

@incollection{andrade2003efficient,
  title={Efficient execution of multi-query data analysis batches using compiler optimization strategies},
  author={Andrade, Henrique and Aryangat, Suresh and Kurc, Tahsin and Saltz, Joel and Sussman, Alan},
  booktitle={Languages and Compilers for Parallel Computing},
  year={2003},
}

@inproceedings{arasu2003cql,
  title={{CQL}: A language for continuous queries over streams and relations},
  author={Arasu, Arvind and Babu, Shivnath and Widom, Jennifer},
  booktitle={Database Programming Languages},
  year={2003},
}

@techreport{arasu2002abstract,
          author = {Arvind Arasu and Shivnath Babu and Jennifer Widom},
           title = {An Abstract Semantics and Concrete Language for Continuous Queries over Streams and Relations},
            type = {Technical Report},
       publisher = {Stanford},
     institution = {Stanford InfoLab},
            year = {2002},
}

% B ------------------

@article{babu2001continuous,
  title={Continuous queries over data streams},
  author={Babu, Shivnath and Widom, Jennifer},
  journal={ACM Sigmod Record},
  year={2001},
}

% C ------------------

@inproceedings{chandrasekaran2003telegraphcq,
  title={TelegraphCQ: continuous dataflow processing},
  author={Chandrasekaran, Sirish and Cooper, Owen and Deshpande, Amol and Franklin, Michael J and Hellerstein, Joseph M and Hong, Wei and Krishnamurthy, Sailesh and Madden, Samuel R and Reiss, Fred and Shah, Mehul A},
  booktitle={Proceedings of the 2003 ACM SIGMOD international conference on Management of data},
  year={2003},
}

% D ------------------
% G ------------------

@incollection{gulwani2004polynomial,
  title={A polynomial-time algorithm for global value numbering},
  author={Gulwani, Sumit and Necula, George C},
  booktitle={Static Analysis},
  year={2004},
}

% H ------------------

@article{ha1997compile,
  title={Compile-time scheduling of dynamic constructs in dataflow program graphs},
  author={Ha, Soonhoi and Lee, Edward A},
  journal={Computers, IEEE Transactions on},
  year={1997},
}

% I ------------------

% J ------------------

% K ------------------

% L ------------------

% M ------------------

@inproceedings{madden2002continuously,
  title={Continuously adaptive continuous queries over streams},
  author={Madden, Samuel and Shah, Mehul and Hellerstein, Joseph M and Raman, Vijayshankar},
  booktitle={Proceedings of the 2002 ACM SIGMOD international conference on Management of data},
  year={2002},
}

@inproceedings{mcsherry2015scalability,
  title={Scalability! {B}ut at what {COST}?},
  author={McSherry, Frank and Isard, Michael and Murray, Derek G},
  booktitle={Hot Topics in Operating Systems},
  year={2015}
}

@inproceedings{munagala2007optimization,
  title={Optimization of continuous queries with shared expensive filters},
  author={Munagala, Kamesh and Srivastava, Utkarsh and Widom, Jennifer},
  booktitle={Principles of database systems},
  year={2007},
}

% N ------------------

% S ------------------

@inproceedings{shaikhha2016architect,
  title={How to Architect a Query Compiler},
  author={Shaikhha, Amir and Klonatos, Ioannis and Parreaux, Lionel Emile Vincent and Brown, Lewis and Dashti Rahmat Abadi, Mohammad and Koch, Christoph},
  booktitle={SIGMOD},
  year={2016}
}


% T ------------------

% V ------------------

