% -- A --
@book{bik2004software,
  title={The software vectorization handbook},
  author={Bik, Aart JC},
  year={2004},
  publisher={Intel Press Hillsboro, OR}
}

% -- B --
@book{banerjee1993loop,
  author    = {Utpal Banerjee},
  title     = {Loop transformations for restructuring compilers - the foundations},
  publisher = {Kluwer},
  year      = {1993},
  isbn      = {978-0-7923-9318-4},
  timestamp = {Fri, 29 Apr 2011 18:24:05 +0200},
  biburl    = {https://dblp.org/rec/bib/books/daglib/0072454},
  bibsource = {dblp computer science bibliography, https://dblp.org}
}

% -- C --

% -- D --

% -- E --

% -- F --

% -- G --
@article{gao1993collective,
  author    = {Guang R. Gao and
               R. Olsen and
               Vivek Sarkar and
               Radhika Thekkath},
  title     = {Collective Loop Fusion for Array Contraction},
  journal = {Languages and Compilers for Parallel Computing, 5th International
               Workshop, New Haven, Connecticut, USA, August 3-5, 1992, Proceedings},
  pages     = {281--295},
  year      = {1992},
  url       = {https://doi.org/10.1007/3-540-57502-2\_53},
  doi       = {10.1007/3-540-57502-2\_53},
  timestamp = {Sat, 20 May 2017 15:32:49 +0200},
  biburl    = {https://dblp.org/rec/bib/conf/lcpc/GaoOST92},
  bibsource = {dblp computer science bibliography, https://dblp.org}
}


% -- H --

% -- I --

% -- J --

@inproceedings{jones1991unboxed,
  title={Unboxed values as first class citizens in a non-strict functional language},
  author={Jones, Simon L Peyton and Launchbury, John},
  booktitle={Conference on Functional Programming Languages and Computer Architecture},
  pages={636--666},
  year={1991},
  organization={Springer}
}

% -- K --

% -- L --

% -- M --

% -- N --

% -- O --

% -- P --
@inproceedings{pike2002better,
  author    = {Geoff Pike and
               Paul N. Hilfinger},
  title     = {Better tiling and array contraction for compiling scientific programs},
  booktitle = {Proceedings of the 2002 {ACM/IEEE} conference on Supercomputing, Baltimore,
               Maryland, USA, November 16-22, 2002, {CD-ROM}},
  pages     = {13:1--13:12},
  year      = {2002},
  url       = {https://doi.org/10.1109/SC.2002.10040},
  doi       = {10.1109/SC.2002.10040},
  timestamp = {Tue, 23 May 2017 01:07:27 +0200},
  biburl    = {https://dblp.org/rec/bib/conf/sc/PikeH02},
  bibsource = {dblp computer science bibliography, https://dblp.org}
}

% -- Q --

% -- R --
@inproceedings{rivera1999locality,
  author    = {Gabriel Rivera and
               Chau{-}Wen Tseng},
  title     = {Locality Optimizations for Multi-Level Caches},
  booktitle = {Proceedings of the {ACM/IEEE} Conference on Supercomputing, {SC} 1999,
               November 13-19, 1999, Portland, Oregon, {USA}},
  pages     = {2},
  year      = {1999},
  url       = {https://doi.org/10.1145/331532.331534},
  doi       = {10.1145/331532.331534},
  timestamp = {Tue, 06 Nov 2018 16:59:29 +0100},
  biburl    = {https://dblp.org/rec/bib/conf/sc/RiveraT99},
  bibsource = {dblp computer science bibliography, https://dblp.org}
}


% -- S --
@inproceedings{sarkar1991optimization,
  author    = {Vivek Sarkar and
               Guang R. Gao},
  title     = {Optimization of array accesses by collective loop transformations},
  booktitle = {Proceedings of the 5th international conference on Supercomputing,
               {ICS} 1991, Cologne, Germany, June 17-21, 1991},
  pages     = {194--205},
  year      = {1991},
  url       = {https://doi.org/10.1145/109025.109077},
  doi       = {10.1145/109025.109077},
  timestamp = {Tue, 06 Nov 2018 11:07:03 +0100},
  biburl    = {https://dblp.org/rec/bib/conf/ics/SarkarG91},
  bibsource = {dblp computer science bibliography, https://dblp.org}
}

@article{song2004improving,
  author    = {Yonghong Song and
               Rong Xu and
               Cheng Wang and
               Zhiyuan Li},
  title     = {Improving Data Locality by Array Contraction},
  journal   = {{IEEE} Trans. Computers},
  volume    = {53},
  number    = {9},
  pages     = {1073--1084},
  year      = {2004},
  url       = {https://doi.org/10.1109/TC.2004.62},
  doi       = {10.1109/TC.2004.62},
  timestamp = {Sat, 20 May 2017 00:24:38 +0200},
  biburl    = {https://dblp.org/rec/bib/journals/tc/SongXWL04},
  bibsource = {dblp computer science bibliography, https://dblp.org}
}



% -- T --

% -- U --

% -- V --

% -- W --

@article{wang2013loop,
  author    = {Yi Wang and
               Zhiping Jia and
               Renhai Chen and
               Meng Wang and
               Duo Liu and
               Zili Shao},
  title     = {Loop scheduling with memory access reduction subject to register constraints
               for {DSP} applications},
  journal   = {Softw., Pract. Exper.},
  volume    = {44},
  number    = {8},
  pages     = {999--1026},
  year      = {2014},
  url       = {https://doi.org/10.1002/spe.2186},
  doi       = {10.1002/spe.2186},
  timestamp = {Wed, 21 Feb 2018 00:53:31 +0100},
  biburl    = {https://dblp.org/rec/bib/journals/spe/0003JCWLS14},
  bibsource = {dblp computer science bibliography, https://dblp.org}
}

% -- X --

% -- Y --

% -- Z --

