% -- A --
@inproceedings{au1997enlarging,
  title={Enlarging the scope of vector-based computations: extending {F}ortran 90 by nested data parallelism},
  author={Au, KTP and Chakravarty, M.M.T. and Darlington, J. and Guo, Y. and Jahnichen, S. and Kohler, M. and Keller, G. and Pfannenstiel, W. and Simons, M.},
  booktitle={Advances in Parallel and Distributed Computing, 1997. Proceedings},
  year={1997},
  organization={IEEE}
}


% -- B --

@book{blelloch1990vector,
  title={Vector models for data-parallel computing},
  author={Blelloch, G.E.},
  year={1990},
  publisher={MIT press Cambridge, MA}
}

@article{blelloch1989scans,
  title={Scans as primitive parallel operations},
  author={Blelloch, G.E.},
  journal={Computers, IEEE Transactions on},
  year={1989},
  publisher={IEEE}
}

@techreport{blelloch1995nesl,
  title={{\sc Nesl}: A Nested Data-Parallel Language},
  author={Blelloch, G.E.},
  year={1995},
  institution={DTIC Document}
}

@book{blelloch1993implementation,
  title={Implementation of a portable nested data-parallel language},
  author={Blelloch, G.E. and Hardwick, J.C. and Chatterjee, S. and Sipelstein, J. and Zagha, M.},
  year={1993},
  publisher={ACM}
}

@inproceedings{blelloch1991comparison,
  title={A comparison of sorting algorithms for the connection machine {CM-2}},
  author={Blelloch, G.E. and Leiserson, C.E. and Maggs, B.M. and Plaxton, C.G. and Smith, S.J. and Zagha, M.},
  booktitle={Proceedings of the third annual ACM symposium on Parallel algorithms and architectures},
  year={1991},
  organization={ACM}
}

@article{blelloch1996programming,
  title={Programming parallel algorithms},
  author={Blelloch, G.E.},
  journal={Communications of the ACM},
  year={1996},
  publisher={ACM}
}

@inproceedings{bergstrom2013data,
  author    = {Lars Bergstrom and
               Matthew Fluet and
               Mike Rainey and
               John H. Reppy and
               Stephen Rosen and
               Adam Shaw},
  title     = {Data-only flattening for nested data parallelism},
  booktitle = {{ACM} {SIGPLAN} Symposium on Principles and Practice of Parallel Programming,
               PPoPP '13, Shenzhen, China, February 23-27, 2013},
  pages     = {81--92},
  year      = {2013},
  url       = {https://doi.org/10.1145/2442516.2442525},
  doi       = {10.1145/2442516.2442525},
  timestamp = {Tue, 06 Nov 2018 16:57:28 +0100},
  biburl    = {https://dblp.org/rec/bib/conf/ppopp/BergstromFRRRS13},
  bibsource = {dblp computer science bibliography, https://dblp.org}
}


@phdthesis{bone2010automatic,
  title={Automatic Parallelisation for {M}ercury},
  author={Bone, Paul},
  year={2010},
  school={University of Melbourne}
}

% -- C --
@inproceedings{chakravarty2007data,
  title={{D}ata {P}arallel {H}askell: a status report},
  author={Chakravarty, M.M.T. and Leshchinskiy, R. and Jones, S.P. and Keller, G. and Marlow, S.},
  booktitle={Proceedings of the 2007 workshop on Declarative aspects of multicore programming},
  year={2007},
  organization={ACM}
}

@inproceedings{chakravarty2000more,
  title={More types for nested data parallel programming},
  author={Chakravarty, M.M.T. and Keller, G.},
  booktitle={ACM SIGPLAN Notices},
  year={2000},
  organization={ACM}
}

@article{chakravarty2001nepal,
  title={{N}epal {-} nested data parallelism in {H}askell},
  author={Chakravarty, M. and Keller, G. and Lechtchinsky, R. and Pfannenstiel, W.},
  journal={Euro-Par 2001 Parallel Processing},
  year={2001},
  publisher={Springer}
}

@inproceedings{chakravarty2008partial,
  title={Partial vectorisation of {H}askell programs},
  author={Chakravarty, M.M.T. and Leshchinskiy, R. and Jones, S.P. and Keller, G.},
  booktitle={Proc ACM Workshop on Declarative Aspects of Multicore Programming, San Francisco},
  year={2008}
}

@article{chakravarty1999portable,
  title={How Portable is Nested Data Parallelism?},
  author={Chakravarty, M.M.T. and Keller, G.},
  year={1999},
  publisher={Citeseer}
}

@article{chatterjee1993nested,
  author    = {Siddhartha Chatterjee},
  title     = {Compiling Nested Data-Parallel Programs for Shared-Memory Multiprocessors},
  journal   = {TOPLAS: Transactions on Programming Languages and Systems},
  volume    = {15},
  number    = {3},
  pages     = {400--462},
  year      = {1993},
  url       = {https://doi.org/10.1145/169683.174152},
  doi       = {10.1145/169683.174152},
  timestamp = {Tue, 06 Nov 2018 12:51:29 +0100},
  biburl    = {https://dblp.org/rec/bib/journals/toplas/Chatterjee93},
  bibsource = {dblp computer science bibliography, https://dblp.org}
}

@inproceedings{chatterjee1991size,
  author    = {Siddhartha Chatterjee and
               Guy E. Blelloch and
               Allan L. Fisher},
  title     = {Size and Access Inference for Data-Parallel Programs},
  booktitle = {Proceedings of the {ACM} SIGPLAN'91 Conference on Programming Language
               Design and Implementation (PLDI), Toronto, Ontario, Canada, June 26-28,
               1991},
  pages     = {130--144},
  year      = {1991},
  url       = {https://doi.org/10.1145/113445.113457},
  doi       = {10.1145/113445.113457},
  timestamp = {Tue, 06 Nov 2018 16:59:30 +0100},
  biburl    = {https://dblp.org/rec/bib/conf/pldi/ChatterjeeBF91},
  bibsource = {dblp computer science bibliography, https://dblp.org}
}


% -- D --

% -- E --

% -- F --

% -- G --

% -- H --

% -- I --

% -- J --
@inproceedings{jones2008harnessing,
  title={Harnessing the multicores: Nested data parallelism in {H}askell},
  author={Jones, S.P. and Leshchinskiy, R. and Keller, G. and Chakravarty, M.M.T.},
  booktitle={FSTTCS},
  year={2008}
}


% -- K --
@article{keller1999distributed,
  title={On the distributed implementation of aggregate data structures by program transformation},
  author={Keller, G. and Chakravarty, M.},
  journal={Parallel and Distributed Processing},
  year={1999},
  publisher={Springer}
}

@inproceedings{keller1998flattening,
  title={Flattening trees},
  author={Keller, G. and Chakravarty, M.},
  booktitle={Euro-Parâ€™98 Parallel Processing},
  year={1998},
  organization={Springer}
}

@inproceedings{keller2012vectorisation,
	title={Vectorisation avoidance},
	author={Keller, G. and Chakravarty, M.M.T. and Leshchinskiy, R. and Lippmeier, B. and Peyton Jones, S.},
	booktitle={Proceedings of the 2012 Haskell symposium},
	year={2012},
	organization={ACM}
}


% -- L --

@article{lechtchinsky2002costing,
  title={Costing nested array codes},
  author={Lechtchinsky, R. and Chakravarty, M.M.T. and Keller, G.},
  journal={Parallel Processing Letters},
  year={2002},
  publisher={World Scientific}
}

@phdthesis{leshchinskiy2005higher,
  title={Higher-order nested data parallelism: semantics and implementation},
  author={Leshchinskiy, Roman},
  year={2005},
  school={Universit{\"a}tsbibliothek}
}

@article{leshchinskiy2006higher,
  title={Higher order flattening},
  author={Leshchinskiy, R. and Chakravarty, M. and Keller, G.},
  journal={Computational Science--ICCS 2006},
  year={2006},
  publisher={Springer}
}


@inproceedings{lippmeier2012work,
  title={Work efficient higher-order vectorisation},
  author={Lippmeier, B. and Chakravarty, M.M.T. and Keller, G. and Leshchinskiy, R. and Peyton Jones, S.},
  booktitle={Proceedings of the 17th ACM SIGPLAN international conference on Functional programming},
  year={2012},
  organization={ACM}
}

% -- M --

% -- N --

% -- O --

% -- P --

% -- Q --

% -- R --

% -- S --

% -- T --

% -- U --

% -- V --

% -- W --

% -- X --

% -- Y --

% -- Z --

