% -- A --

% -- B --

% -- C --

% -- D --

% -- E --

% -- F --

% -- G --

% -- H --

% -- I --

% -- J --

% -- K --

% -- L --

% -- M --

% -- N --

% -- O --

% -- P --

% -- Q --

% -- R --

% -- S --

% -- T --

% -- U --

% -- V --

% -- W --
@article{welford1962note,
  title={Note on a method for calculating corrected sums of squares and products},
  author={Welford, BP},
  journal={Technometrics},
  volume={4},
  number={3},
  pages={419--420},
  year={1962},
  publisher={Taylor \& Francis Group}
}

% -- X --

% -- Y --

% -- Z --

