% -- A --

% -- B --

% -- C --

@inproceedings{chitil1997uncommon,
  title={Common subexpressions are uncommon in lazy functional languages},
  author={Chitil, Olaf},
  booktitle={Symposium on Implementation and Application of Functional Languages},
  pages={53--71},
  year={1997},
  organization={Springer}
}

@inproceedings{chitil1997common,
  title={Common subexpression elimination in a lazy functional language},
  author={Chitil, Olaf},
  booktitle={Proceedings of the 9th International Workshop on Implementation of Functional Languages, St. Andrews, Scotland, September},
  volume={10},
  pages={12},
  year={1997},
  organization={Citeseer}
}

% -- D --

% -- E --

% -- F --

% -- G --

% -- H --

% -- I --

% -- J --

@inproceedings{jones1996compiling,
  title={Compiling {H}askell by program transformation: A report from the trenches},
  author={Jones, Simon L Peyton},
  booktitle={European Symposium on Programming},
  pages={18--44},
  year={1996},
  organization={Springer}
}

@article{jones1998transformation,
  title={A transformation-based optimiser for {H}askell},
  author={Jones, Simon L Peyton and Santos, Andr{\'e}L M},
  journal={Science of computer programming},
  volume={32},
  number={1-3},
  pages={3--47},
  year={1998},
  publisher={Elsevier}
}

% -- K --

% -- L --

% -- M --
@inproceedings{maurer2017compiling,
  title={Compiling without continuations},
  author={Maurer, Luke and Downen, Paul and Ariola, Zena M and Peyton Jones, Simon},
  booktitle={ACM SIGPLAN Notices},
  volume={52},
  pages={482--494},
  year={2017},
  organization={ACM}
}

% -- N --

% -- O --

% -- P --

% -- Q --

% -- R --

% -- S --

% -- T --

% -- U --

% -- V --

% -- W --

% -- X --

% -- Y --

% -- Z --

