@misc{hackage:conduit,
  author = {Michael Snoyman},
  year   = {2011},
  title  = {The conduit {H}askell package},
  note   = {\url{http://hackage.haskell.org/package/conduit}}
}


@misc{hackage:enumerator,
  author = {John Millikin and Mikhail Vorozhtsov},
  year   = {2011},
  title  = {The enumerator {H}askell package},
  note   = {\url{http://hackage.haskell.org/package/enumerator}}
}


@misc{hackage:machines,
  author = {Edward Kmett and RÃºnar Bjarnason and Josh Cough},
  year   = {2012},
  title  = {The machines {H}askell package},
  note   = {\url{http://hackage.haskell.org/package/machines}}
}


@misc{hackage:pipes,
  author = {Gabriel Gonzalez},
  year   = {2012},
  title  = {The pipes {H}askell package},
  note   = {\url{http://hackage.haskell.org/package/pipes}}
}

@misc{hackage:streaming,
  author = {Michael Thompson},
  year   = {2015},
  title  = {The streaming {H}askell package},
  note   = {\url{http://hackage.haskell.org/package/streaming}}
}


@misc{hackage:vector,
  author = {Roman Leshchinskiy},
  year   = {2008},
  title  = {The vector {H}askell package},
  note   = {\url{http://hackage.haskell.org/package/vector}}
}


@misc{package:scala:fs2,
  author = {Paul Chiusano},
  year   = {2013},
  title  = {The fs2 {S}cala package},
  note   = {\url{http://fs2.io/}}
}



@misc{glpk,
    note = {\url{http://www.gnu.org/software/glpk}},
    title = {{GLPK} ({GNU} Linear Programming Kit)},
    author = {GLPK},
    year = {2013}
}

@misc{cplex,
    note = {\url{https://www.ibm.com/analytics/cplex-optimizer}},
    title = {IBM ILOG CPLEX Optimizer},
    author = {CPLEX},
    year = {2013}
}

