% -- A --

% -- B --
@inproceedings{bharath2004runtime,
  title={A runtime mechanism for detection of artificial deadlocks in process networks},
  author={Bharath, N and Nandy, SK},
  booktitle={Circuits and Systems, 2004. MWSCAS'04. The 2004 47th Midwest Symposium on},
  year={2004}
}

% Brock-Ackerman merge anomaly: non-deterministic merge inside a process network.
% Case where two different process networks have the same history relation, but act differently, depending on the strictness / order of reading from channels.
@inproceedings{brock1981scenarios,
  title={Scenarios: A model of non-determinate computation},
  author={Brock, J Dean and Ackerman, William B},
  booktitle={Formalization of programming concepts},
  pages={252--259},
  year={1981},
  organization={Springer}
}

% -- C --

% -- D --

% -- E --

% -- F --

% Similar work on fusing KPNs but requires a separate schedule to be specified.
% Also uses synchronised product, so unable to fuse cases like (zip xs ys; zip ys xs)
@inproceedings{fradet2004network,
  title={Network fusion},
  author={Fradet, Pascal and Ha, St{\'e}phane Hong Tuan},
  booktitle={Asian Symposium on Programming Languages and Systems},
  year={2004},
}


% -- G --

% Dynamic scheduling of KPNs across multiple threads.
% Dynamically increase size of FIFO buffers as required.
% Notes that Parks' scheduling algorithm is incorrect in presence of local deadlocks - does not guarantee fairness
@incollection{geilen2003requirements,
  title={Requirements on the execution of Kahn process networks},
  author={Geilen, Marc and Basten, Twan},
  booktitle={Programming languages and systems},
  year={2003},
}

% -- H --

% -- I --

% -- J --

% -- K --

% The Kahn process network paper
@article{kahn1976coroutines,
  title={Coroutines and networks of parallel processes},
  author={Kahn, Gilles and MacQueen, David and others},
  year={1976}
}


% -- L --

% -- M --

% -- N --

% -- O --

% -- P --

% Dynamic scheduling with bounded queues, just increase the size of the queue when a deadlock occurs
@phdthesis{parks1995bounded,
  title={Bounded scheduling of process networks},
  author={Parks, Thomas M},
  year={1995},
  school={University of California. Berkeley, California}
}


% -- Q --

% -- R --

% -- S --

% -- T --

@inproceedings{turjan2002compile,
  title={A compile time based approach for solving out-of-order communication in Kahn Process Networks},
  author={Turjan, Alexandru and Kienhuis, Bart and Deprettere, Ed},
  booktitle={Application-Specific Systems, Architectures and Processors, IEEE International Conference on},
  year={2002},
}


% -- U --

% -- V --

% Irrelevant
@inproceedings{vrba2009kahn,
  title={Kahn process networks are a flexible alternative to MapReduce},
  author={Vrba, Zeljko and Halvorsen, P{\aa}l and Griwodz, Carsten and Beskow, Paul},
  booktitle={High Performance Computing and Communications, 2009. HPCC'09. 11th IEEE International Conference on},
  pages={154--162},
  year={2009},
  organization={IEEE}
}


% -- W --

% -- X --

% -- Y --

% -- Z --


