% -- A --

% -- B --

% -- C --

% "The most important characteristic is that, without the near-optimal scheme, performance at the operation level and at the statement level is actually worse than at the loop-iteration level."
% unless we have a very sophisticated scheduling strategy, exploiting very fine grain parallelism with only a limited amount of resources can yield poorer results than we have anticipated
@inproceedings{chen1990impact,
  author    = {Ding{-}Kai Chen and
               Hong{-}Men Su and
               Pen{-}Chung Yew},
  title     = {The Impact of Synchronization and Granularity on Parallel Systems},
  booktitle = {Proceedings of the 17th Annual International Symposium on Computer
               Architecture, Seattle, WA, USA, June 1990},
  pages     = {239--248},
  year      = {1990},
  url       = {https://doi.org/10.1145/325164.325150},
  doi       = {10.1145/325164.325150},
  timestamp = {Tue, 06 Nov 2018 11:07:01 +0100},
  biburl    = {https://dblp.org/rec/bib/conf/isca/ChenSY90},
  bibsource = {dblp computer science bibliography, https://dblp.org},
  publisher={{ACM}}
}

% -- D --

% -- E --

% -- F --

% -- G --

% -- H --

% -- I --

% -- J --

% -- K --

% -- L --

% -- M --

% -- N --

% -- O --

% -- P --

% -- Q --

% -- R --

% -- S --

% -- T --

% -- U --

% -- V --

% -- W --

% -- X --

% -- Y --

% -- Z --


