% -- A --

% -- B --

% -- C --

% -- D --

% -- E --

% -- F --

% -- G --

% -- H --

% -- I --

% -- J --

% -- K --

% -- L --

% -- M --

% -- N --

% -- O --

% -- P --

% -- Q --

% -- R --

% -- S --

@inproceedings{shivers2005anatomy,
  author    = {Olin Shivers},
  title     = {The anatomy of a loop: a story of scope and control},
  booktitle = {Proceedings of the 10th {ACM} {SIGPLAN} International Conference on
               Functional Programming, {ICFP} 2005, Tallinn, Estonia, September 26-28,
               2005},
  pages     = {2--14},
  year      = {2005},
  url       = {https://doi.org/10.1145/1086365.1086368},
  doi       = {10.1145/1086365.1086368},
  timestamp = {Tue, 06 Nov 2018 16:59:24 +0100},
  biburl    = {https://dblp.org/rec/bib/conf/icfp/Shivers05},
  bibsource = {dblp computer science bibliography, https://dblp.org},
	organization={ACM}
}

% -- T --

% -- U --

% -- V --

% -- W --

@article{waters1991automatic,
	title={Automatic transformation of series expressions into loops},
	author={Waters, Richard C},
	journal={ACM Transactions on Programming Languages and Systems (TOPLAS)},
	year={1991},
	publisher={ACM}
}

% -- X --

% -- Y --

% -- Z --

