% -- A --

% -- B --

% http://biboudis.github.io/papers/dissertation.pdf
@phdthesis{biboudis2017expressive,
  title={Expressive and Efficient Streaming Libraries},
  author={Biboudis, Aggelos C},
  year={2017},
  school={E$\theta$$\nu$$\iota$$\kappa${\'o} $\kappa$$\alpha$$\iota$ K$\alpha$$\pi$o$\delta$$\iota$$\sigma$$\tau$$\rho$$\iota$$\alpha$$\kappa${\'o} $\Pi$$\alpha$$\nu$$\varepsilon$$\pi$$\iota$$\sigma$$\tau$$\acute{\eta}$$\mu$$\iota$o A$\theta$$\eta$$\nu$$\acute{\omega}$$\nu$ (EK$\Pi$A). $\Sigma$$\chi$o$\lambda$$\acute{\eta}$ $\Theta$$\varepsilon$$\tau$$\iota$$\kappa$$\acute{\omega}$$\nu$ E$\pi$$\iota$$\sigma$$\tau$$\eta$$\mu$$\acute{\omega}$$\nu$. T$\mu$$\acute{\eta}$$\mu$$\alpha$ $\Pi$$\lambda$$\eta$$\rho$o$\varphi$o$\rho$$\iota$$\kappa$$\acute{\eta}$$\varsigma$ $\kappa$$\alpha$$\iota$ T$\eta$$\lambda$$\varepsilon$$\pi$$\iota$$\kappa$o$\iota$$\nu$$\omega$$\nu$$\iota$$\acute{\omega}$$\nu$. To$\mu$$\acute{\varepsilon}$$\alpha$$\varsigma$ Y$\pi$o$\lambda$o$\gamma$$\iota$$\sigma$$\tau$$\iota$$\kappa$$\acute{\omega}$$\nu$ $\Sigma$$\upsilon$$\sigma$$\tau$$\eta$$\mu$$\acute{\alpha}$$\tau$$\omega$$\nu$ $\kappa$$\alpha$$\iota$ E$\varphi$$\alpha$$\rho$$\mu$o$\gamma$$\acute{\omega}$$\nu$}
}

% -- C --

% Kind of like stream fusion with a clock calculus
@article{caspi1998co,
  title={A co-iterative characterization of synchronous stream functions},
  author={Caspi, Paul and Pouzet, Marc},
  journal={Electronic Notes in Theoretical Computer Science},
  volume={11},
  pages={1--21},
  year={1998},
  publisher={Elsevier}
}


% -- D --

% -- E --

% -- F --

% -- G --

% -- H --

% -- I --

% -- J --

% -- K --

% Original iteratees paper? Not sure
@inproceedings{kiselyov2012iteratees,
  author    = {Oleg Kiselyov},
  title     = {Iteratees},
  booktitle = {Functional and Logic Programming - 11th International Symposium, {FLOPS}
               2012, Kobe, Japan, May 23-25, 2012. Proceedings},
  pages     = {166--181},
  year      = {2012},
  url       = {https://doi.org/10.1007/978-3-642-29822-6\_15},
  doi       = {10.1007/978-3-642-29822-6\_15},
  timestamp = {Fri, 02 Nov 2018 09:35:29 +0100},
  biburl    = {https://dblp.org/rec/bib/conf/flops/Kiselyov12},
  bibsource = {dblp computer science bibliography, https://dblp.org},
  series    = {Lecture Notes in Computer Science},
  volume    = {7294},
  publisher = {Springer},
}

% -- L --

% -- M --

% -- N --

% -- O --

% -- P --

% -- Q --

% -- R --
@book{reese2014java,
  title={Java 8 New Features: A Practical Heads-Up Guide},
  author={Reese, Richard},
  year={2014},
  publisher={P8Tech}
}

% -- S --
@article{stephens1997survey,
  author    = {Robert Stephens},
  title     = {A Survey of Stream Processing},
  journal   = {Acta Inf.},
  volume    = {34},
  number    = {7},
  pages     = {491--541},
  year      = {1997},
  url       = {https://doi.org/10.1007/s002360050095},
  doi       = {10.1007/s002360050095},
  timestamp = {Sun, 28 May 2017 13:22:46 +0200},
  biburl    = {https://dblp.org/rec/bib/journals/acta/Stephens97},
  bibsource = {dblp computer science bibliography, https://dblp.org}
}


% -- T --

% -- U --

% -- V --

% -- W --

% -- X --

% -- Y --

% -- Z --

