
@article{davies2001modal,
  title={A modal analysis of staged computation},
  author={Davies, Rowan and Pfenning, Frank},
  journal={Journal of the ACM},
  year={2001},
}

@article{odersky1999type,
    title={Type inference with constrained types},
    author={Odersky, Martin and Sulzmann, Martin and Wehr, Martin},
    journal={TAPOS},
    year={1999},
    publisher={Citeseer}
}

@inproceedings{rompf2013optimizing,
  title={Optimizing data structures in high-level programs: new directions for extensible compilers based on staging},
  author={Rompf, Tiark and Sujeeth, Arvind K and Amin, Nada and Brown, Kevin J and Jovanovic, Vojin and Lee, HyoukJoong and Jonnalagedda, Manohar and Olukotun, Kunle and Odersky, Martin},
  booktitle={ACM SIGPLAN Notices},
  year={2013},
  organization={ACM}
}

